@article{einstein,
    author = "Albert Einstein",
    title = "{Zur Elektrodynamik bewegter K{\"o}rper}. ({German})
    [{On} the electrodynamics of moving bodies]",
    journal = "Annalen der Physik",
    volume = "322",
    number = "10",
    pages = "891--921",
    year = "1905",
    DOI = "http://dx.doi.org/10.1002/andp.19053221004",
    keywords = "physics"
}


@article{kum,
    author = "Kumar, N., Scheer, L. and Kotler, P.",
    title = "From Market Driven to Market Driving.",
    journal = "European Management Journal",
    volume = "18",
    number = "2",
    pages = "129-42",
    year = "2000",
    
}

@article{clark,
    author = "Clark, D.N. and Scott, Dorian N.",
    title = "Competence Strategy Making and Scientific",
    journal = "Research: The Case of HortResearch, New Zealand, Strategic Change",
    number = "9",
    pages = "495-507",
    year = "2000",
    
}